<record xmlns="http://www.loc.gov/MARC21/slim" xmlns:xsi="http://www.w3.org/2001/XMLSchema-instance" xsi:schemaLocation="http://www.loc.gov/MARC21/slim http://www.loc.gov/standards/marcxml/schema/MARC21slim.xsd"><leader>03115nam a2200457   4500</leader><controlfield tag="001">001680967</controlfield><controlfield tag="003">NNU</controlfield><controlfield tag="006">m        d        </controlfield><controlfield tag="007">cr cn |||m|||a</controlfield><controlfield tag="008">150223s1954    ua      o     000 0 ara d</controlfield><datafield ind1=" " ind2=" " tag="040"><subfield code="a">NNU</subfield><subfield code="b">eng</subfield><subfield code="e">rda</subfield><subfield code="c">NNU</subfield></datafield><datafield ind1="1" ind2=" " tag="100"><subfield code="6">880-01</subfield><subfield code="a">Azhari&#772;, Kha&#772;lid ibn &#699;Abd Alla&#772;h,</subfield><subfield code="d">-1499.</subfield></datafield><datafield ind1="1" ind2="0" tag="245"><subfield code="6">880-02</subfield><subfield code="a">Sharh&#803; al-Tas&#803;ri&#772;h&#803; &#699;ala&#769; al-Tawd&#803;i&#772;h&#803; :</subfield><subfield code="b">&#699;ala&#769; Alfi&#772;yat Ibn Ma&#772;lik fi&#772; al-nah&#803;w li-Jama&#772;l al-Di&#772;n Abi&#772; Muh&#803;ammad ibn &#699;Abd Alla&#772;h ibn Yu&#772;suf ibn Hisha&#772;m al-Ans&#803;a&#772;ri&#772; /</subfield><subfield code="c">lil-Shaykh Kha&#772;lid ibn &#699;Abd Alla&#772;h al-Azhari&#772;. Wa-bi-ha&#772;mishihi H&#803;a&#772;shiyah lil-&#699;alla&#772;mah Ya&#772;si&#772;n ibn Zayn al-Di&#772;n al-&#699;Ulaymi&#772; al-H&#803;ims&#803;i&#772;.</subfield></datafield><datafield ind1=" " ind2=" " tag="260"><subfield code="6">880-03</subfield><subfield code="a">al-Qa&#772;hirah :</subfield><subfield code="b">Mat&#803;ba&#699;at al-Istiqa&#772;mah,</subfield><subfield code="c">1954.</subfield></datafield><datafield ind1=" " ind2=" " tag="300"><subfield code="a">online resource (2 volumes)</subfield></datafield><datafield ind1=" " ind2=" " tag="336"><subfield code="a">text</subfield><subfield code="2">rdacontent</subfield></datafield><datafield ind1=" " ind2=" " tag="337"><subfield code="a">computer</subfield><subfield code="2">rdamedia</subfield></datafield><datafield ind1=" " ind2=" " tag="338"><subfield code="a">online resource</subfield><subfield code="2">rdacarrier</subfield></datafield><datafield ind1=" " ind2=" " tag="500"><subfield code="a">Part of the Arabic Collections Online (ACO) project, contributed by New York Univeristy Libraries.</subfield></datafield><datafield ind1=" " ind2=" " tag="533"><subfield code="a">Electronic reproduction.</subfield><subfield code="b">New York, N.Y. :</subfield><subfield code="c">New York University,</subfield><subfield code="d">2015.</subfield><subfield code="5">NNU</subfield></datafield><datafield ind1=" " ind2="0" tag="650"><subfield code="a">Arabic language</subfield><subfield code="x">Grammar</subfield><subfield code="v">Early works to 1800.</subfield></datafield><datafield ind1="1" ind2="0" tag="600"><subfield code="6">880-04</subfield><subfield code="a">Ibn Ma&#772;lik, Muh&#803;ammad ibn &#699;Abd Alla&#772;h,</subfield><subfield code="d">-1274.</subfield><subfield code="t">Alfi&#772;yah.</subfield></datafield><datafield ind1="0" ind2="7" tag="630"><subfield code="a">Alfi&#772;yah (Ibn Ma&#772;lik, Muh&#803;ammad ibn &#699;Abd Alla&#772;h)</subfield><subfield code="2">fast</subfield><subfield code="0">(OCoLC)fst01360506</subfield></datafield><datafield ind1=" " ind2="7" tag="650"><subfield code="a">Arabic language</subfield><subfield code="x">Grammar.</subfield><subfield code="2">fast</subfield><subfield code="0">(OCoLC)fst00812341</subfield></datafield><datafield ind1=" " ind2="7" tag="655"><subfield code="a">Early works.</subfield><subfield code="2">fast</subfield><subfield code="0">(OCoLC)fst01411636</subfield></datafield><datafield ind1="1" ind2=" " tag="700"><subfield code="6">880-05</subfield><subfield code="a">&#699;Ulaymi&#772;, Ya&#772;si&#772;n ibn Zayn al-Di&#772;n,</subfield><subfield code="d">-1650 or 1651.</subfield></datafield><datafield ind1="1" ind2=" " tag="700"><subfield code="6">880-06</subfield><subfield code="a">Ibn Hish&#257;m, &#699;Abd All&#257;h ibn Y&#363;suf,</subfield><subfield code="d">1309-1360</subfield><subfield code="t">Awd&#803;ah&#803; al-masa&#772;lik ila&#769; Alfi&#772;yat Ibn Ma&#772;lik.</subfield></datafield><datafield ind1="2" ind2=" " tag="710"><subfield code="a">New York University.</subfield><subfield code="b">Libraries.</subfield></datafield><datafield ind1="0" ind2=" " tag="730"><subfield code="a">Arabic Collections Online.</subfield></datafield><datafield ind1="0" ind2=" " tag="740"><subfield code="6">880-07</subfield><subfield code="a">Awd&#803;ah&#803; al-masa&#772;lik ila&#769; Alfiyat Ibn Ma&#772;lik.</subfield></datafield><datafield ind1="0" ind2="8" tag="776"><subfield code="i">Print version:</subfield><subfield code="a">Azhari&#772;, Kha&#772;lid ibn &#699;Abd Alla&#772;h, -1499.</subfield><subfield code="t">Sharh&#803; al-Tas&#803;ri&#772;h&#803; &#699;ala&#769; al-Tawd&#803;i&#772;h&#803;</subfield><subfield code="w">(NNU)001680967</subfield></datafield><datafield ind1="4" ind2="0" tag="856"><subfield code="u">http://hdl.handle.net/2333.1/h44j1217</subfield></datafield><datafield ind1="1" ind2=" " tag="880"><subfield code="6">100-01/</subfield><subfield code="a">&#1571;&#1586;&#1607;&#1585;&#1610;&#1548; &#1582;&#1575;&#1604;&#1583; &#1576;&#1606; &#1593;&#1576;&#1583; &#1575;&#1604;&#1604;&#1607;&#1548;</subfield><subfield code="d">-1499.</subfield></datafield><datafield ind1="1" ind2="0" tag="880"><subfield code="6">245-02/</subfield><subfield code="a">&#1588;&#1585;&#1581; &#1575;&#1604;&#1578;&#1589;&#1585;&#1610;&#1581; &#1593;&#1604;&#1609; &#1575;&#1604;&#1578;&#1608;&#1590;&#1610;&#1581; :</subfield><subfield code="b">&#1593;&#1604;&#1609; &#1571;&#1604;&#1601;&#1610;&#1577; &#1575;&#1576;&#1606; &#1605;&#1575;&#1604;&#1603; &#1601;&#1610; &#1575;&#1604;&#1606;&#1581;&#1608; &#1604;&#1580;&#1605;&#1575;&#1604; &#1575;&#1604;&#1583;&#1610;&#1606; &#1571;&#1576;&#1610; &#1605;&#1581;&#1605;&#1583; &#1576;&#1606; &#1593;&#1576;&#1583; &#1575;&#1604;&#1604;&#1607; &#1576;&#1606; &#1610;&#1608;&#1587;&#1601; &#1576;&#1606; &#1607;&#1588;&#1575;&#1605; &#1575;&#1604;&#1571;&#1606;&#1589;&#1575;&#1585;&#1610; /</subfield><subfield code="c">&#1604;&#1604;&#1588;&#1610;&#1582; &#1582;&#1575;&#1604;&#1583; &#1576;&#1606; &#1593;&#1576;&#1583; &#1575;&#1604;&#1604;&#1607; &#1575;&#1604;&#1571;&#1586;&#1607;&#1585;&#1610;. &#1608;&#1576;&#1607;&#1575;&#1605;&#1588;&#1607; &#1581;&#1575;&#1588;&#1610;&#1577; &#1604;&#1604;&#1593;&#1604;&#1575;&#1605;&#1577; &#1610;&#1575;&#1587;&#1610;&#1606; &#1576;&#1606; &#1586;&#1610;&#1606; &#1575;&#1604;&#1583;&#1610;&#1606; &#1575;&#1604;&#1593;&#1604;&#1610;&#1605;&#1610; &#1575;&#1604;&#1581;&#1605;&#1589;&#1610;.</subfield></datafield><datafield ind1=" " ind2=" " tag="880"><subfield code="6">260-03/</subfield><subfield code="a">&#1575;&#1604;&#1602;&#1575;&#1607;&#1585;&#1577; :</subfield><subfield code="b">&#1605;&#1591;&#1576;&#1593;&#1577; &#1575;&#1604;&#1573;&#1587;&#1578;&#1602;&#1575;&#1605;&#1577;&#1548;</subfield><subfield code="c">1954.</subfield></datafield><datafield ind1="1" ind2="0" tag="880"><subfield code="6">600-04/</subfield><subfield code="a">&#1575;&#1576;&#1606; &#1605;&#1575;&#1604;&#1603;&#1548; &#1605;&#1581;&#1605;&#1583; &#1576;&#1606; &#1593;&#1576;&#1583; &#1575;&#1604;&#1604;&#1607;&#1548;</subfield><subfield code="d">-1274.</subfield><subfield code="t">&#1575;&#1604;&#1601;&#1610;&#1577;.</subfield></datafield><datafield ind1="1" ind2=" " tag="880"><subfield code="6">700-05/</subfield><subfield code="a">&#1593;&#1604;&#1610;&#1605;&#1610;&#1548; &#1610;&#1587; &#1576;&#1606; &#1586;&#1610;&#1606; &#1575;&#1604;&#1583;&#1610;&#1606;&#1548;</subfield><subfield code="d">-1650 or 1651.</subfield></datafield><datafield ind1="1" ind2=" " tag="880"><subfield code="6">700-06/</subfield><subfield code="a">&#1575;&#1576;&#1606; &#1607;&#1588;&#1575;&#1605;&#1548; &#1593;&#1576;&#1583; &#1575;&#1604;&#1604;&#1607; &#1576;&#1606; &#1610;&#1608;&#1587;&#1601;&#1548;</subfield><subfield code="d">1309-1360.</subfield><subfield code="t">&#1575;&#1608;&#1590;&#1581; &#1575;&#1604;&#1605;&#1587;&#1575;&#1604; &#1575;&#1604;&#1609; &#1575;&#1604;&#1601;&#1610;&#1577; &#1575;&#1576;&#1606; &#1605;&#1575;&#1604;.</subfield></datafield><datafield ind1="0" ind2=" " tag="880"><subfield code="6">740-07/</subfield><subfield code="a">&#1575;&#1608;&#1590;&#1581; &#1575;&#1604;&#1605;&#1587;&#1575;&#1604;&#1603; &#1575;&#1604;&#1609; &#1575;&#1604;&#1601;&#1610;&#1577; &#1575;&#1576;&#1606; &#1605;&#1575;&#1604;&#1603;.</subfield></datafield><datafield ind1=" " ind2=" " tag="959"><subfield code="a">NNU</subfield><subfield code="b">WEB</subfield><subfield code="c">GENI</subfield><subfield code="t">0</subfield><subfield code="m">Electronic access</subfield><subfield code="s">01</subfield></datafield><datafield ind1=" " ind2=" " tag="999"><subfield code="i">NNU_001680967</subfield><subfield code="s">nyu_aco000005:v.1</subfield><subfield code="s">nyu_aco000006:v.2</subfield></datafield></record>